@online{moog,
	title = {{MOOG}},
	url = {https://www.as.utexas.edu/~chris/moog.html},
	urldate = {2020-04-01},
	author = {Chris Sneden},
	publisher = {University of Texas at Austin},
	note =  {https://www.as.utexas.edu/~chris/moog.html},
	file = {MOOG:/home/slogle/Zotero/storage/SW3XU6NP/moog.html:text/html}
}

@online{astropy,
	title = {{FITS} File Handling (astropy.io.fits) — Astropy v4.0},
	url = {https://docs.astropy.org/en/stable/io/fits/},
	urldate = {2020-04-01},
	note = {https://docs.astropy.org/en/stable/io/fits/},
	file = {FITS File Handling (astropy.io.fits) — Astropy v4.0:/home/slogle/Zotero/storage/ZNUZJGFH/fits.html:text/html}
}

@online{stephanie_normalized_2015,
	title = {Normalized Data / Normalization},
	url = {https://www.statisticshowto.datasciencecentral.com/normalized/},
	abstract = {Normal Distributions {\textgreater} Normalized Data / Normalization About Normalized Data The word "normalization" is used informally in statistics, and so the term},
	titleaddon = {Statistics How To},
	author = {{Stephanie}},
	urldate = {2020-04-01},
	date = {2015-11-09},
	langid = {american},
	note = {Library Catalog: www.statisticshowto.datasciencecentral.com
Section: Statistics How To},
	file = {Snapshot:/home/slogle/Zotero/storage/YSBPFMMK/normalized.html:text/html}
}

@book{newman_computational_2013,
	edition = {First},
	title = {Computational Physics – Sample chapters},
	url = {http://www-personal.umich.edu/~mejn/cp/chapters.html},
	author = {Newman, Mark},
	urldate = {2020-04-01},
	date = {2013},
	langid = {american},
	note =  {http://www-personal.umich.edu/~mejn/cp/chapters.html},
	file = {Computational Physics – Sample chapters:/home/slogle/Zotero/storage/B7JN65YB/chapters.html:text/html}
}

@book{scopatz_effective_2015,
	edition = {First},
	title = {Effective Computation in Physics - Field Guide to Research with Python},
	url = {http://physics.codes/},
	publisher = {O'Reiley Media},
	author = {Scopatz, Anthony and Huff, Katherine D.},
	urldate = {2020-04-01},
	date = {2015-06},
	langid = {american},
	note = {http://physics.codes/},
	file = {Effective Computation in Physics - Field Guide to Research with Python - By Anthony Scopatz & Kathryn Huff - O'Reilly Media:/home/slogle/Zotero/storage/TCMNY6LD/physics.codes.html:text/html}
}